@online{rom,
	title= "Memoria ROM" ,
	url = "https://www.significados.com/memoria-rom/",
	addendum = "(accessed: 09.05.2018)",
}
@online{memoria,
	author = "Augusto Salalzar",
	title = "Funcionamientos de la memoria de un computador",
	url = "https://drive.google.com/file/d/1Tkcx4OslgDa9J8Gof7bOGkG_surhh4J9/view",
}
@online{velocidad,
	title = "Factores que afectan la velocidad",
	url = "https://es.slideshare.net/jl30/factores-que-afectan-la-velocidad",
}
@online{ram,
	title = "Tipos de memoria caracteristicas y funcionamiento",
	url = "https://247tecno.com/tipos-de-memoria-informatica/",
}